@article{PhysRev.47.777,
  title = {Can Quantum-Mechanical Description of Physical Reality Be Considered Complete?},
  author = {Einstein, A. and Podolsky, B. and Rosen, N.},
  journal = {Phys. Rev.},
  volume = {47},
  issue = {10},
  pages = {777--780},
  numpages = {0},
  year = {1935},
  month = {May},
  publisher = {American Physical Society},
  doi = {10.1103/PhysRev.47.777},
  url = {https://link.aps.org/doi/10.1103/PhysRev.47.777}
}

@thesis{日本人名,
  type = {Thesis},
  title = {タイトル},
  author = {山田, 太郎},
  date = {2025},
  langid = {japanese},
}
